% Encoding: UTF-8

@misc{kunold1989,
  title={Dämpfungsentzerrung von Audiokanälen mit Brücken-Wellendigitalfiltern},
  author={Ingo Kunold},
  year={1989},
}

@manual{bvdsv,
    title={Entwurf und Synthese von Digitalfiltern},
    author={Dietrich Fränken},
    year={2003}
}

@misc{gaszi1983,
  title={Explicit Formulas for Lattice Wave Digital Filters},
  author={Lajos Gaszi},
  year={1983},
}

@Misc{scipy,
  author =    {Eric Jones and Travis Oliphant and Pearu Peterson and others},
  title =     {{SciPy}: Open source scientific tools for {Python}},
  year =      {2001--},
  url = "http://www.scipy.org/",
  note = 	 {Zugriff: 19.04.2019}
}

@Article{Hunter:2007,
  Author    = {Hunter, J. D.},
  Title     = {Matplotlib: A 2D graphics environment},
  Journal   = {Computing in Science \& Engineering},
  Volume    = {9},
  Number    = {3},
  Pages     = {90--95},
  abstract  = {Matplotlib is a 2D graphics package used for Python for
  application development, interactive scripting, and publication-quality
  image generation across user interfaces and operating systems.},
  publisher = {IEEE COMPUTER SOC},
  doi       = {10.1109/MCSE.2007.55},
  year      = 2007
}