% Encoding: UTF-8

@misc{kunold1989,
  title={Dämpfungsentzerrung von Audiokanälen mit Brücken-Wellendigitalfiltern},
  author={Ingo Kunold},
  year={1989},
}

@misc{gaszi1983,
  title={Explicit Formulas for Lattice Wave Digital Filters},
  author={Lajos Gaszi},
  year={1983},
}

